Automatically generated by Mendeley Desktop 1.11
Any changes to this file will be lost if it is regenerated by Mendeley.

BibTeX export options can be customized via Options -> BibTeX in Mendeley Desktop

@article{Dunkels2007,
address = {New York, New York, USA},
author = {Dunkels, Adam and \"{O}sterlind, Fredrik and He, Zhitao},
doi = {10.1145/1322263.1322295},
file = {:home/prithvi/BLEThesisDocuments/AcadPapers/Dunkels, \"{O}sterlind, He - 2007 - An adaptive communication architecture for wireless sensor networks.pdf:pdf},
isbn = {9781595937636},
journal = {Proceedings of the 5th international conference on Embedded networked sensor systems - SenSys '07},
keywords = {protocol stack,wireless sensor networks},
pages = {335},
publisher = {ACM Press},
title = {{An adaptive communication architecture for wireless sensor networks}},
url = {http://portal.acm.org/citation.cfm?doid=1322263.1322295},
year = {2007}
}
@inproceedings{dunkels07rime,
address = {Delft, The Netherlands},
author = {Dunkels, Adam},
booktitle = {Proceedings of the European Conference on Wireless Sensor Networks (EWSN), Poster/Demo session},
file = {:home/prithvi/BLEThesisDocuments/AcadPapers/Dunkels - 2007 - Rime --- A Lightweight Layered Communication Stack for Sensor Networks.pdf:pdf},
month = jan,
title = {{Rime --- A Lightweight Layered Communication Stack for Sensor Networks}},
url = {http://dunkels.com/adam/dunkels07rime.pdf},
year = {2007}
}
@article{Dunkels2006,
address = {New York, New York, USA},
author = {Dunkels, Adam and Finne, Niclas and Eriksson, Joakim and Voigt, Thiemo},
doi = {10.1145/1182807.1182810},
file = {:home/prithvi/BLEThesisDocuments/AcadPapers/Dunkels et al. - 2006 - Run-time dynamic linking for reprogramming wireless sensor networks.pdf:pdf},
isbn = {1595933433},
journal = {Proceedings of the 4th international conference on Embedded networked sensor systems - SenSys '06},
keywords = {all or part of,dynamic linking,embedded systems,operating,or,or hard copies of,permission to make digital,systems,this work for personal,virtual machines,wireless sensor networks},
pages = {15},
publisher = {ACM Press},
title = {{Run-time dynamic linking for reprogramming wireless sensor networks}},
url = {http://portal.acm.org/citation.cfm?doid=1182807.1182810},
year = {2006}
}
@inproceedings{Dunkels2006a,
address = {New York, New York, USA},
author = {Dunkels, Adam and Schmidt, Oliver and Voigt, Thiemo and Ali, Muneeb},
booktitle = {Proceedings of the 4th international conference on Embedded networked sensor systems - SenSys '06},
doi = {10.1145/1182807.1182811},
file = {:home/prithvi/BLEThesisDocuments/AcadPapers/Dunkels et al. - 2006 - Protothreads.pdf:pdf},
isbn = {1595933433},
keywords = {1,3,concurrent pro-,d,programming techniques},
pages = {29},
publisher = {ACM Press},
title = {{Protothreads}},
url = {http://portal.acm.org/citation.cfm?doid=1182807.1182811},
year = {2006}
}
@misc{Contiki,
author = {Contiki},
title = {{Contiki: The Open Source Operating System for the Internet of Things}},
url = {http://contiki-os.org/}
}
@article{Dunkels2007a,
address = {New York, New York, USA},
author = {Dunkels, Adam and Osterlind, Fredrik and Tsiftes, Nicolas and He, Zhitao},
doi = {10.1145/1278972.1278979},
file = {:home/prithvi/BLEThesisDocuments/AcadPapers/Dunkels et al. - 2007 - Software-based on-line energy estimation for sensor nodes.pdf:pdf},
isbn = {9781595936943},
journal = {Proceedings of the 4th workshop on Embedded networked sensors - EmNets '07},
pages = {28},
publisher = {ACM Press},
title = {{Software-based on-line energy estimation for sensor nodes}},
url = {http://portal.acm.org/citation.cfm?doid=1278972.1278979},
year = {2007}
}
